01,000000610,BOA12345,20250525,1400,000000001,,,2/
02,BOA12345,071000039,20250525,1,,,2/
03,1234567890,00000000,0,USD,10000/
88,010,0,,Z/
88,015,0,,Z/
88,040,0,,Z/
88,045,0,,Z/
88,072,0,,Z/
88,074,0,,Z/
88,100,125351,1,S,125351,0,0/
88,110,0,0,S,0,0,0/
88,120,0,0,Z/
88,140,0,0,Z/
88,150,0,0,Z/
88,159,0,0,Z/
88,170,0,0,Z/
88,180,0,0,Z/
88,186,0,0,Z/
88,190,0,0,S,0,0,0/
88,200,0,0,Z/
88,210,0,0,Z/
88,239,0,0,Z/
88,250,0,0,Z/
88,260,0,0,Z/
88,270,0525,1,S,0525,0,0/
16,10000,0525,10000,000000000,CHECK,123456/
49,10000,0525,0,0,0,1/
98,10000,0525,0,0,0,1/
99,10000,0525,0,0,0,1/